<mx:record xmlns:v="http://viaf.org/viaf/terms#" xmlns:srw="http://www.loc.gov/zing/srw/" xmlns:mx="http://www.loc.gov/MARC21/slim"><mx:leader>00000cx##a22.....n..4500</mx:leader><mx:controlfield tag="001">viaf24679016</mx:controlfield><mx:controlfield tag="003">OCoLC</mx:controlfield><mx:controlfield tag="008">101116n||azznnabbn##########|a#aaa####|#</mx:controlfield><mx:datafield ind2=" " ind1="7" tag="024"><mx:subfield code="a">http://viaf.org/viaf/24679016</mx:subfield><mx:subfield code="2">uri</mx:subfield></mx:datafield><mx:datafield ind2=" " ind1=" " tag="040"><mx:subfield code="a">VIAF</mx:subfield><mx:subfield code="c">VIAF</mx:subfield></mx:datafield><mx:datafield tag="700" ind2=" " ind1="0"><mx:subfield code="a">Anacharsis</mx:subfield><mx:subfield code="0">(NLA)000036457969</mx:subfield></mx:datafield><mx:datafield tag="700" ind2=" " ind1="0"><mx:subfield code="a">Anacharsis,</mx:subfield><mx:subfield code="c">philosophe scythe</mx:subfield><mx:subfield code="0">(RERO)vtls005493619</mx:subfield></mx:datafield><mx:datafield tag="100" ind2="0" ind1="0"><mx:subfield code="a">Anacharsis</mx:subfield><mx:subfield code="0">(LC)n  82082915</mx:subfield></mx:datafield><mx:datafield tag="700" ind2=" " ind1="0"><mx:subfield code="a">Anacharsis</mx:subfield><mx:subfield code="0">(BAV)ADV10269392</mx:subfield></mx:datafield><mx:datafield tag="700" ind2=" " ind1="0"><mx:subfield code="a">Anacharsis,</mx:subfield><mx:subfield code="d">500-t. f.Kr.</mx:subfield><mx:subfield code="0">(SELIBR)258146</mx:subfield></mx:datafield><mx:datafield tag="700" ind2="|" ind1=" "><mx:subfield code="a">Anacharsis</mx:subfield><mx:subfield code="d">05..-05.. av. J.-C.</mx:subfield><mx:subfield code="0">(BNF)12361920</mx:subfield></mx:datafield><mx:datafield tag="700" ind2=" " ind1="0"><mx:subfield code="a">Anacharsis</mx:subfield><mx:subfield code="d">fl.6. Jh. v. Chr.</mx:subfield><mx:subfield code="0">(DNB)118649000</mx:subfield></mx:datafield><mx:datafield tag="370" ind2=" " ind1=" "><mx:subfield code="a">XX</mx:subfield><mx:subfield code="2">BNF</mx:subfield></mx:datafield><mx:datafield tag="377" ind2=" " ind1=" "><mx:subfield code="a">grc</mx:subfield><mx:subfield code="2">BNF</mx:subfield></mx:datafield><mx:datafield ind2=" " ind1=" " tag="375"><mx:subfield code="a">male</mx:subfield><mx:subfield code="2">1</mx:subfield></mx:datafield><mx:datafield tag="400" ind2=" " ind1="1"><mx:subfield code="a">Anacarsi Scita</mx:subfield><mx:subfield code="2">RERO</mx:subfield></mx:datafield><mx:datafield tag="400" ind2="|" ind1=" "><mx:subfield code="a">Anacarsi Scita</mx:subfield><mx:subfield code="d">05..-05.. av. J.-C.</mx:subfield><mx:subfield code="2">BNF</mx:subfield></mx:datafield><mx:datafield tag="400" ind2=" " ind1="0"><mx:subfield code="a">Anacharsis Scytha</mx:subfield><mx:subfield code="2">RERO</mx:subfield></mx:datafield><mx:datafield tag="400" ind2=" " ind1="0"><mx:subfield code="a">Anacharsis,</mx:subfield><mx:subfield code="c">Pseudo-</mx:subfield><mx:subfield code="2">BAV</mx:subfield></mx:datafield><mx:datafield tag="400" ind2="0" ind1="0"><mx:subfield code="a">Anacharsis,</mx:subfield><mx:subfield code="c">Pseudo-</mx:subfield><mx:subfield code="2">LC</mx:subfield></mx:datafield><mx:datafield tag="400" ind2=" " ind1="0"><mx:subfield code="a">Anacharsis</mx:subfield><mx:subfield code="c">Epistolographus</mx:subfield><mx:subfield code="d">fl.6. Jh. v. Chr.</mx:subfield><mx:subfield code="2">DNB</mx:subfield></mx:datafield><mx:datafield tag="400" ind2=" " ind1="0"><mx:subfield code="a">Anacharsis</mx:subfield><mx:subfield code="c">Scythicus</mx:subfield><mx:subfield code="d">fl.6. Jh. v. Chr.</mx:subfield><mx:subfield code="2">DNB</mx:subfield></mx:datafield><mx:datafield tag="400" ind2=" " ind1="0"><mx:subfield code="a">Anacharsis</mx:subfield><mx:subfield code="c">Scythius</mx:subfield><mx:subfield code="d">fl.6. Jh. v. Chr.</mx:subfield><mx:subfield code="2">DNB</mx:subfield></mx:datafield><mx:datafield tag="400" ind2=" " ind1="0"><mx:subfield code="a">Anacharsis</mx:subfield><mx:subfield code="c">Skythe</mx:subfield><mx:subfield code="d">fl.6. Jh. v. Chr.</mx:subfield><mx:subfield code="2">DNB</mx:subfield></mx:datafield><mx:datafield tag="400" ind2=" " ind1="0"><mx:subfield code="a">Anakharsis</mx:subfield><mx:subfield code="2">RERO</mx:subfield></mx:datafield><mx:datafield tag="400" ind2="0" ind1="0"><mx:subfield code="a">Anakharsis</mx:subfield><mx:subfield code="2">LC</mx:subfield></mx:datafield><mx:datafield tag="400" ind2="|" ind1=" "><mx:subfield code="a">Anakharsis</mx:subfield><mx:subfield code="d">05..-05.. av. J.-C.</mx:subfield><mx:subfield code="2">BNF</mx:subfield></mx:datafield><mx:datafield tag="400" ind2=" " ind1="1"><mx:subfield code="a">Scythicus, Anacharsis</mx:subfield><mx:subfield code="d">fl.6. Jh. v. Chr.</mx:subfield><mx:subfield code="2">DNB</mx:subfield></mx:datafield><mx:datafield tag="950" ind2=" " ind1=" "><mx:subfield code="a">Reuters, Franz Heinrich.</mx:subfield><mx:subfield code="9">8</mx:subfield><mx:subfield code="2">LC</mx:subfield><mx:subfield code="2">DNB</mx:subfield><mx:subfield code="2">RERO</mx:subfield><mx:subfield code="2">NLA</mx:subfield><mx:subfield code="2">SELIBR</mx:subfield><mx:subfield code="2">BNF</mx:subfield></mx:datafield><mx:datafield tag="950" ind2=" " ind1=" "><mx:subfield code="a">Morel, Guillaume</mx:subfield><mx:subfield code="9">2</mx:subfield><mx:subfield code="2">RERO</mx:subfield><mx:subfield code="2">BNF</mx:subfield></mx:datafield><mx:datafield tag="950" ind2=" " ind1=" "><mx:subfield code="a">Kindstrand, Jan Fredrik.</mx:subfield><mx:subfield code="9">2</mx:subfield><mx:subfield code="2">NLA</mx:subfield><mx:subfield code="2">LC</mx:subfield></mx:datafield><mx:datafield tag="950" ind2=" " ind1=" "><mx:subfield code="a">Canfora, Luciano</mx:subfield><mx:subfield code="9">2</mx:subfield><mx:subfield code="2">RERO</mx:subfield><mx:subfield code="2">BNF</mx:subfield></mx:datafield><mx:datafield tag="950" ind2=" " ind1=" "><mx:subfield code="a">apollonius tyaneus</mx:subfield><mx:subfield code="9">1</mx:subfield><mx:subfield code="2">DNB</mx:subfield></mx:datafield><mx:datafield tag="950" ind2=" " ind1=" "><mx:subfield code="a">Théano</mx:subfield><mx:subfield code="9">1</mx:subfield><mx:subfield code="2">BNF</mx:subfield></mx:datafield><mx:datafield tag="950" ind2=" " ind1=" "><mx:subfield code="a">Lubin, Eilhard 1565-1621</mx:subfield><mx:subfield code="9">1</mx:subfield><mx:subfield code="2">BNF</mx:subfield></mx:datafield><mx:datafield tag="950" ind2=" " ind1=" "><mx:subfield code="a">Euripide 0480-0406 av. J.-C.</mx:subfield><mx:subfield code="9">1</mx:subfield><mx:subfield code="2">BNF</mx:subfield></mx:datafield><mx:datafield tag="950" ind2=" " ind1=" "><mx:subfield code="a">Cremonini, Giovanni</mx:subfield><mx:subfield code="9">1</mx:subfield><mx:subfield code="2">BNF</mx:subfield></mx:datafield><mx:datafield tag="950" ind2=" " ind1=" "><mx:subfield code="a">Cremonini, Giorgio</mx:subfield><mx:subfield code="9">1</mx:subfield><mx:subfield code="2">RERO</mx:subfield></mx:datafield><mx:datafield tag="901" ind2=" " ind1=" "><mx:subfield code="a">9789155411657</mx:subfield><mx:subfield code="9">2</mx:subfield><mx:subfield code="2">NLA</mx:subfield><mx:subfield code="2">LC</mx:subfield></mx:datafield><mx:datafield tag="910" ind2=" " ind1=" "><mx:subfield code="a">Anacharsis, the legend and the apophthegmata</mx:subfield><mx:subfield code="9">3</mx:subfield><mx:subfield code="2">NLA</mx:subfield><mx:subfield code="2">LC</mx:subfield></mx:datafield><mx:datafield tag="910" ind2=" " ind1=" "><mx:subfield code="a">Die Briefe des Anacharsis : griechisch und deutsch</mx:subfield><mx:subfield code="9">2</mx:subfield><mx:subfield code="2">NLA</mx:subfield><mx:subfield code="2">LC</mx:subfield></mx:datafield><mx:datafield tag="910" ind2=" " ind1=" "><mx:subfield code="a">Die Briefe des Anacharsis</mx:subfield><mx:subfield code="9">2</mx:subfield><mx:subfield code="2">LC</mx:subfield><mx:subfield code="2">SELIBR</mx:subfield></mx:datafield><mx:datafield tag="910" ind2=" " ind1=" "><mx:subfield code="a">Die Briefe</mx:subfield><mx:subfield code="9">2</mx:subfield><mx:subfield code="2">NLA</mx:subfield><mx:subfield code="2">RERO</mx:subfield></mx:datafield><mx:datafield tag="910" ind2=" " ind1=" "><mx:subfield code="a">&#x98;Die&#x9c; Briefe Griech. u. dt.</mx:subfield><mx:subfield code="9">1</mx:subfield><mx:subfield code="2">DNB</mx:subfield></mx:datafield><mx:datafield tag="910" ind2=" " ind1=" "><mx:subfield code="a">handbuch fur gebildete reisende durch sudfrankreich die schweiz italien und</mx:subfield><mx:subfield code="9">1</mx:subfield><mx:subfield code="2">DNB</mx:subfield></mx:datafield><mx:datafield tag="910" ind2=" " ind1=" "><mx:subfield code="a">epistolae apollonii tyanei anacharsidis euripidis theanis alioru</mx:subfield><mx:subfield code="9">1</mx:subfield><mx:subfield code="2">DNB</mx:subfield></mx:datafield><mx:datafield tag="910" ind2=" " ind1=" "><mx:subfield code="a">The apophthegmata</mx:subfield><mx:subfield code="9">1</mx:subfield><mx:subfield code="2">RERO</mx:subfield></mx:datafield><mx:datafield tag="910" ind2=" " ind1=" "><mx:subfield code="a">Epistolae Apollonii Tyanei, Anacharsidis, Euripidis, Theanus, aliorumque ad eosdem, nunc primum editae graece simul ac latine per Eilhardum Lubinum</mx:subfield><mx:subfield code="9">1</mx:subfield><mx:subfield code="2">BNF</mx:subfield></mx:datafield><mx:datafield tag="910" ind2=" " ind1=" "><mx:subfield code="a">Die Briefe den Anacharsis.</mx:subfield><mx:subfield code="9">1</mx:subfield><mx:subfield code="2">BAV</mx:subfield></mx:datafield><mx:datafield tag="910" ind2=" " ind1=" "><mx:subfield code="a">De Anacharsidis epistulis, Inaugural-Dissertation... von Franz Heinrich Reuters...</mx:subfield><mx:subfield code="9">1</mx:subfield><mx:subfield code="2">BNF</mx:subfield></mx:datafield><mx:datafield tag="910" ind2=" " ind1=" "><mx:subfield code="a">De Anacharsidis epistulis</mx:subfield><mx:subfield code="9">1</mx:subfield><mx:subfield code="2">RERO</mx:subfield></mx:datafield><mx:datafield tag="910" ind2=" " ind1=" "><mx:subfield code="a">Anacharsidis epistulae</mx:subfield><mx:subfield code="9">1</mx:subfield><mx:subfield code="2">BNF</mx:subfield></mx:datafield><mx:datafield tag="910" ind2=" " ind1=" "><mx:subfield code="a">@  . Anacharsidis epistolae</mx:subfield><mx:subfield code="9">1</mx:subfield><mx:subfield code="2">BNF</mx:subfield></mx:datafield><mx:datafield tag="921" ind2=" " ind1=" "><mx:subfield code="a">Akademie Verlag</mx:subfield><mx:subfield code="9">6</mx:subfield><mx:subfield code="2">NLA</mx:subfield><mx:subfield code="2">BAV</mx:subfield><mx:subfield code="2">RERO</mx:subfield><mx:subfield code="2">LC</mx:subfield><mx:subfield code="2">DNB</mx:subfield></mx:datafield><mx:datafield tag="921" ind2=" " ind1=" "><mx:subfield code="a">[Uppsala universitet] ;</mx:subfield><mx:subfield code="9">2</mx:subfield><mx:subfield code="2">NLA</mx:subfield><mx:subfield code="2">LC</mx:subfield></mx:datafield><mx:datafield tag="921" ind2=" " ind1=" "><mx:subfield code="a">Sellerio</mx:subfield><mx:subfield code="9">2</mx:subfield><mx:subfield code="2">RERO</mx:subfield><mx:subfield code="2">BNF</mx:subfield></mx:datafield><mx:datafield tag="921" ind2=" " ind1=" "><mx:subfield code="a">Distributed by Almqvist &amp; Wiksell International</mx:subfield><mx:subfield code="9">2</mx:subfield><mx:subfield code="2">NLA</mx:subfield><mx:subfield code="2">LC</mx:subfield></mx:datafield><mx:datafield tag="921" ind2=" " ind1=" "><mx:subfield code="a">ex typ. S. Prevostaei</mx:subfield><mx:subfield code="9">1</mx:subfield><mx:subfield code="2">BNF</mx:subfield></mx:datafield><mx:datafield tag="921" ind2=" " ind1=" "><mx:subfield code="a">ex officina Commeliniana</mx:subfield><mx:subfield code="9">1</mx:subfield><mx:subfield code="2">BNF</mx:subfield></mx:datafield><mx:datafield tag="922" ind2=" " ind1=" "><mx:subfield code="a">DE</mx:subfield><mx:subfield code="9">2</mx:subfield><mx:subfield code="2">BNF</mx:subfield></mx:datafield><mx:datafield tag="922" ind2=" " ind1=" "><mx:subfield code="a">IT</mx:subfield><mx:subfield code="9">1</mx:subfield><mx:subfield code="2">BNF</mx:subfield></mx:datafield><mx:datafield tag="922" ind2=" " ind1=" "><mx:subfield code="a">FR</mx:subfield><mx:subfield code="9">1</mx:subfield><mx:subfield code="2">BNF</mx:subfield></mx:datafield><mx:datafield ind2=" " ind1=" " tag="943"><mx:subfield code="a">149.</mx:subfield><mx:subfield code="9">1</mx:subfield></mx:datafield><mx:datafield ind2=" " ind1=" " tag="943"><mx:subfield code="a">150.</mx:subfield><mx:subfield code="9">0</mx:subfield></mx:datafield><mx:datafield ind2=" " ind1=" " tag="943"><mx:subfield code="a">151.</mx:subfield><mx:subfield code="9">0</mx:subfield></mx:datafield><mx:datafield ind2=" " ind1=" " tag="943"><mx:subfield code="a">152.</mx:subfield><mx:subfield code="9">0</mx:subfield></mx:datafield><mx:datafield ind2=" " ind1=" " tag="943"><mx:subfield code="a">153.</mx:subfield><mx:subfield code="9">0</mx:subfield></mx:datafield><mx:datafield ind2=" " ind1=" " tag="943"><mx:subfield code="a">154.</mx:subfield><mx:subfield code="9">0</mx:subfield></mx:datafield><mx:datafield ind2=" " ind1=" " tag="943"><mx:subfield code="a">155.</mx:subfield><mx:subfield code="9">0</mx:subfield></mx:datafield><mx:datafield ind2=" " ind1=" " tag="943"><mx:subfield code="a">156.</mx:subfield><mx:subfield code="9">0</mx:subfield></mx:datafield><mx:datafield ind2=" " ind1=" " tag="943"><mx:subfield code="a">157.</mx:subfield><mx:subfield code="9">0</mx:subfield></mx:datafield><mx:datafield ind2=" " ind1=" " tag="943"><mx:subfield code="a">158.</mx:subfield><mx:subfield code="9">0</mx:subfield></mx:datafield><mx:datafield ind2=" " ind1=" " tag="943"><mx:subfield code="a">159.</mx:subfield><mx:subfield code="9">0</mx:subfield></mx:datafield><mx:datafield ind2=" " ind1=" " tag="943"><mx:subfield code="a">160.</mx:subfield><mx:subfield code="9">1</mx:subfield></mx:datafield><mx:datafield ind2=" " ind1=" " tag="943"><mx:subfield code="a">161.</mx:subfield><mx:subfield code="9">0</mx:subfield></mx:datafield><mx:datafield ind2=" " ind1=" " tag="943"><mx:subfield code="a">162.</mx:subfield><mx:subfield code="9">0</mx:subfield></mx:datafield><mx:datafield ind2=" " ind1=" " tag="943"><mx:subfield code="a">163.</mx:subfield><mx:subfield code="9">0</mx:subfield></mx:datafield><mx:datafield ind2=" " ind1=" " tag="943"><mx:subfield code="a">164.</mx:subfield><mx:subfield code="9">0</mx:subfield></mx:datafield><mx:datafield ind2=" " ind1=" " tag="943"><mx:subfield code="a">165.</mx:subfield><mx:subfield code="9">0</mx:subfield></mx:datafield><mx:datafield ind2=" " ind1=" " tag="943"><mx:subfield code="a">166.</mx:subfield><mx:subfield code="9">0</mx:subfield></mx:datafield><mx:datafield ind2=" " ind1=" " tag="943"><mx:subfield code="a">167.</mx:subfield><mx:subfield code="9">0</mx:subfield></mx:datafield><mx:datafield ind2=" " ind1=" " tag="943"><mx:subfield code="a">168.</mx:subfield><mx:subfield code="9">0</mx:subfield></mx:datafield><mx:datafield ind2=" " ind1=" " tag="943"><mx:subfield code="a">169.</mx:subfield><mx:subfield code="9">0</mx:subfield></mx:datafield><mx:datafield ind2=" " ind1=" " tag="943"><mx:subfield code="a">170.</mx:subfield><mx:subfield code="9">0</mx:subfield></mx:datafield><mx:datafield ind2=" " ind1=" " tag="943"><mx:subfield code="a">171.</mx:subfield><mx:subfield code="9">0</mx:subfield></mx:datafield><mx:datafield ind2=" " ind1=" " tag="943"><mx:subfield code="a">172.</mx:subfield><mx:subfield code="9">0</mx:subfield></mx:datafield><mx:datafield ind2=" " ind1=" " tag="943"><mx:subfield code="a">173.</mx:subfield><mx:subfield code="9">0</mx:subfield></mx:datafield><mx:datafield ind2=" " ind1=" " tag="943"><mx:subfield code="a">174.</mx:subfield><mx:subfield code="9">0</mx:subfield></mx:datafield><mx:datafield ind2=" " ind1=" " tag="943"><mx:subfield code="a">175.</mx:subfield><mx:subfield code="9">0</mx:subfield></mx:datafield><mx:datafield ind2=" " ind1=" " tag="943"><mx:subfield code="a">176.</mx:subfield><mx:subfield code="9">0</mx:subfield></mx:datafield><mx:datafield ind2=" " ind1=" " tag="943"><mx:subfield code="a">177.</mx:subfield><mx:subfield code="9">0</mx:subfield></mx:datafield><mx:datafield ind2=" " ind1=" " tag="943"><mx:subfield code="a">178.</mx:subfield><mx:subfield code="9">0</mx:subfield></mx:datafield><mx:datafield ind2=" " ind1=" " tag="943"><mx:subfield code="a">179.</mx:subfield><mx:subfield code="9">0</mx:subfield></mx:datafield><mx:datafield ind2=" " ind1=" " tag="943"><mx:subfield code="a">180.</mx:subfield><mx:subfield code="9">0</mx:subfield></mx:datafield><mx:datafield ind2=" " ind1=" " tag="943"><mx:subfield code="a">181.</mx:subfield><mx:subfield code="9">0</mx:subfield></mx:datafield><mx:datafield ind2=" " ind1=" " tag="943"><mx:subfield code="a">182.</mx:subfield><mx:subfield code="9">0</mx:subfield></mx:datafield><mx:datafield ind2=" " ind1=" " tag="943"><mx:subfield code="a">183.</mx:subfield><mx:subfield code="9">1</mx:subfield></mx:datafield><mx:datafield ind2=" " ind1=" " tag="943"><mx:subfield code="a">184.</mx:subfield><mx:subfield code="9">0</mx:subfield></mx:datafield><mx:datafield ind2=" " ind1=" " tag="943"><mx:subfield code="a">185.</mx:subfield><mx:subfield code="9">0</mx:subfield></mx:datafield><mx:datafield ind2=" " ind1=" " tag="943"><mx:subfield code="a">186.</mx:subfield><mx:subfield code="9">0</mx:subfield></mx:datafield><mx:datafield ind2=" " ind1=" " tag="943"><mx:subfield code="a">187.</mx:subfield><mx:subfield code="9">0</mx:subfield></mx:datafield><mx:datafield ind2=" " ind1=" " tag="943"><mx:subfield code="a">188.</mx:subfield><mx:subfield code="9">0</mx:subfield></mx:datafield><mx:datafield ind2=" " ind1=" " tag="943"><mx:subfield code="a">189.</mx:subfield><mx:subfield code="9">0</mx:subfield></mx:datafield><mx:datafield ind2=" " ind1=" " tag="943"><mx:subfield code="a">190.</mx:subfield><mx:subfield code="9">0</mx:subfield></mx:datafield><mx:datafield ind2=" " ind1=" " tag="943"><mx:subfield code="a">191.</mx:subfield><mx:subfield code="9">0</mx:subfield></mx:datafield><mx:datafield ind2=" " ind1=" " tag="943"><mx:subfield code="a">192.</mx:subfield><mx:subfield code="9">0</mx:subfield></mx:datafield><mx:datafield ind2=" " ind1=" " tag="943"><mx:subfield code="a">193.</mx:subfield><mx:subfield code="9">0</mx:subfield></mx:datafield><mx:datafield ind2=" " ind1=" " tag="943"><mx:subfield code="a">194.</mx:subfield><mx:subfield code="9">0</mx:subfield></mx:datafield><mx:datafield ind2=" " ind1=" " tag="943"><mx:subfield code="a">195.</mx:subfield><mx:subfield code="9">1</mx:subfield></mx:datafield><mx:datafield ind2=" " ind1=" " tag="943"><mx:subfield code="a">196.</mx:subfield><mx:subfield code="9">8</mx:subfield></mx:datafield><mx:datafield ind2=" " ind1=" " tag="943"><mx:subfield code="a">197.</mx:subfield><mx:subfield code="9">0</mx:subfield></mx:datafield><mx:datafield ind2=" " ind1=" " tag="943"><mx:subfield code="a">198.</mx:subfield><mx:subfield code="9">4</mx:subfield></mx:datafield><mx:datafield ind2=" " ind1=" " tag="943"><mx:subfield code="a">199.</mx:subfield><mx:subfield code="9">1</mx:subfield></mx:datafield><mx:datafield ind2=" " ind1=" " tag="970"><mx:subfield code="a">-500</mx:subfield><mx:subfield code="b">-500</mx:subfield><mx:subfield code="c">flourished</mx:subfield></mx:datafield></mx:record>